@ARTICLE{ArgonLJ1987,
  title = {Molecular Dynamics Study of Melting and Freezing of Small Lennard-Jones Clusters},
  author = {J. Honeycutt and H. Andersen},
  journal = {J. Phys. Chem.},
  year = {1987},
  volume = {91},
  pages = {4950-4963},
  number = {},
  abstract = {},
}

@ARTICLE{egraphene,
   author = {{Lee}, C. and {Wei}, X. and {Kysar}, J.~W. and {Hone}, J.},
    title = "{Measurement of the Elastic Properties and Intrinsic Strength of Monolayer Graphene}",
  journal = {Science},
     year = 2008,
    month = jul,
   volume = 321,
    pages = {385-},
      doi = {10.1126/science.1157996},
   adsurl = {http://adsabs.harvard.edu/abs/2008Sci...321..385L},
  adsnote = {Provided by the SAO/NASA Astrophysics Data System}
}

@BOOK{Frenkel02,
  title = {Understanding Molecular Simulation},
  publisher = {Academic Press},
  year = {2002},
  author = {Daan Frenkel and Berend Smit},
  edition = {2.},
}

@book{GriebelEng,
  author = {M. Griebel and S. Knapek and G. Zumbusch},
  title = {{Numerical Simulation in Molecular Dynamics}},
  publisher = {Springer},
  address = {Berlin, Heidelberg},
  year = {2007},
  isbn = {978-3-540-68094-9},
  springer = {http://www.springer.com/east/home?SGWID=5-102-22-173713766-0},
  coverimg = {http://www.springer.com/cda/content/image/cda_displayimage.jpg?SGWID=0-0-16-342409-0},
  annote = {book,nano}
}

@incollection{Griebel.Hamaekers:2005b,
  author = {M. Griebel and J. Hamaekers},
  editor = {M. Rieth and W. Schommers},
  title = {Molecular Dynamics Simulations of the Mechanical
		  Properties of Polyethylene-Carbon Nanotube Composites},
  booktitle = {Handbook of Theoretical and Computational Nanotechnology},
  publisher = {American Scientific Publishers},
  volume = {9},
  chapter = {8},
  pages = {409--454},
  year = {2006},
  note = {Also as INS Preprint No. 0502},
  inspreprintnum = {0502},
  ps = {http://wissrech.ins.uni-bonn.de/research/pub/hamaekers/GriebelHamaekersINSpreprint0502.ps.gz 1},
  pdf = {http://wissrech.ins.uni-bonn.de/research/pub/hamaekers/GriebelHamaekersINSpreprint0502.pdf 1},
  http = {http://www.aspbs.com/tcn.html},
  annote = {article,inspreprint,nano}
}

@BOOk{Haberlandt,
  title = {Molekulardynamik},
  publisher = {vieweg},
  year = {1995},
  author = {R. Haberlandt and S. Fritzsche and G. Peinel and K. Heinziger},
  edition = {},
}

@article{Mehlig1992,
  title = {Hybrid Monte Carlo method for condensed-matter systems},
  author = {Mehlig, B. and Heermann, D. W. and Forrest, B. M.},
  journal = {Phys. Rev. B},
  volume = {45},
  issue = {2},
  pages = {679--685},
  year = {1992},
  month = {Jan},
  doi = {10.1103/PhysRevB.45.679},
  url = {http://link.aps.org/doi/10.1103/PhysRevB.45.679},
  publisher = {American Physical Society}
}

@thesis{NeuenDipl,
 title = {Ein Multiskalenansatz zur Poisson-Nernst-Planck Gleichung - A Multiscale Approach to the Poisson-Nernst-Planck Equation},
 author = {Christian Neuen},
 year = {2010},
 howpublished = {Diplomarbeit Universit\"{a}t Bonn}
}

@article{Sugita1999,
title = "Replica-exchange molecular dynamics method for protein folding",
journal = "Chemical Physics Letters",
volume = "314",
number = "1â€“2",
pages = "141 - 151",
year = "1999",
note = "",
issn = "0009-2614",
doi = "10.1016/S0009-2614(99)01123-9",
url = "http://www.sciencedirect.com/science/article/pii/S0009261499011239",
author = "Yuji Sugita and Yuko Okamoto"
}


%Below unchecked

@article{angelo1995trapping,
  title={Trapping of hydrogen to lattice defects in nickel},
  author={Angelo, James E and Moody, Neville R and Baskes, Michael I},
  journal={Modelling and Simulation in Materials Science and Engineering},
  volume={3},
  number={3},
  pages={289},
  year={1995},
  publisher={IOP Publishing}
}

@article{essmann95,
  author =	 {U. Essmann and L. Perera and M. Berkowitz
                  and T. Darden and H. Lee and L. G. Pedersen},
  title =	 {A smooth particle mesh Ewald method},
  journal =	 {J. Chem. Phys.},
  year =	 {1995},
  OPTkey =	 {},
  volume =	 {103},
  number =	 {19},
  pages =	 {8577--8593},
  month =	 {Nov},
  OPTnote =	 {},
  OPTannote =	 {}
}

@article{cerutti09,
  author =	 {D. S. Cerutti and R. E. Duke and T. A. Darden and T. P. Lybrand},
  title =	 {Staggered Mesh {Ewald}: An Extension of the Smooth Particle-Mesh
		  {Ewald} Method Adding Great Versatility},
  journal =	 {J. Chem. Th. Comp.},
  year =	 {2009},
  OPTkey =	 {},
  volume =	 {5},
  number =	 {9},
  pages =	 {2322--2338},
  OPTmonth =	 {},
  OPTnote =	 {},
  OPTannote =	 {}
}

@Unpublished{neelov09,
  Author = {A. Neelov and C. Holm},
  OPTTitle = {Interlaced {P3M} algorithm with analytical and ik-differentiation},
  Year = {Personal communication, 2009}
}

@article{charmm83,
  author =	 {B. Brooks and R. Bruccoleri and B. Olafson
  		  and D. States and S. Swaminathan and M. Karplus},
  title =	 {{CHARMM: A Program for Macromolecular Energy,
  		  Minimization, and Dynamics Caclulations}},
  journal =	 {J. Comp. Chem.},
  year =	 {1983},
  OPTkey =	 {},
  volume =	 {4},
  number =	 {2},
  pages =	 {187--217},
  OPTmonth =	 {},
  OPTnote =	 {},
  OPTannote =	 {}
}

@manual{charmm27b-online,
  author =       {brooks@scripps.edu},
  title =        {{CHARMM c27b1 Documentation}},
  address =      {\protect\url{http://www.scripps.edu/brooks/c27docs/Charmm27.Html}},
  year =         {},
  organization = {}
}

@manual{charmm-files,
  address =      {\protect\url{http://www.pharmacy.umaryland.edu/~alex/research.html}},
}


@manual{pdb-standard-online,
  title =        {{PDB} guide},
  address =      {\protect\url{http://rutgers.rcsb.org/pdb/docs/format/pdbguide2.2}},
}

@manual{pdb-online,
  title =        {The {RCSB} {P}rotein {D}ata {B}ank},
  address =      {\protect\url{http://rutgers.rcsb.org/pdb}},
}

@manual{hyperchem-online,
  address =      {\protect\url{http://www.hyper.com/}},
}

@manual{water-models,
  address = 	{\protect\url{http://www.sbu.ac.uk/water/models.html}},
}

@Article{tersoff88a,
  author = 	 {J. Tersoff},
  title = 	 {New empirical approach for structure and energy of covalent systems},
  journal = 	 {Phys. Rev. B},
  year = 	 {1988},
  OPTkey = 	 {},
  volume = 	 {37},
  number = 	 {12},
  pages = 	 {6991--7000},
  OPTmonth = 	 {},
  OPTnote = 	 {T2},
  OPTannote = 	 {}
}

@Article{tersoff88b,
  author = 	 {J. Tersoff},
  title = 	 {Empirical interatomic potential for silicon with improved elastic properties},
  journal = 	 {Phys. Rev. B},
  year = 	 {1988},
  OPTkey = 	 {},
  volume = 	 {38},
  number = 	 {14},
  pages = 	 {9902--9905},
  OPTmonth = 	 {},
  OPTnote = 	 {T3},
  OPTannote = 	 {}
}

@Article{tersoff89,
  author = 	 {J. Tersoff},
  title = 	 {Modeling solid-state chemistry: {I}nteratomic potentials for multicomponent systems},
  journal = 	 {Phys. Rev. B},
  year = 	 {1989},
  OPTkey = 	 {},
  volume = 	 {39},
  number = 	 {8},
  pages = 	 {5566--5568},
  OPTmonth = 	 {},
  OPTnote = 	 {},
  OPTannote = 	 {}
}

@article{tersoff1990erratum,
  title={Erratum: Modeling solid-state chemistry: Interatomic potentials for multicomponent systems},
  author={J. Tersoff},
  journal={Physical Review B},
  volume={41},
  number={5},
  pages={3248--3248},
  year={1990}
}
@article{tersoff1988new,
  title={New empirical approach for the structure and energy of covalent systems},
  author={J. Tersoff},
  journal={Physical Review B},
  volume={37},
  number={12},
  pages={6991},
  year={1988},
  publisher={APS}
}

@article{de1999hydrogen,
  title={Hydrogen role on the properties of amorphous silicon nitride},
  author={de Brito Mota, F and Justo, JF and Fazzio, A},
  journal={Journal of applied physics},
  volume={86},
  number={4},
  pages={1843--1847},
  year={1999},
  publisher={AIP}
}


@article{matsunaga2000tersoff,
  title={Tersoff potential parameters for simulating cubic boron carbonitrides},
  author={Matsunaga, Katsuyuki and Fisher, Craig and Matsubara, Hideaki},
  journal={JAPANESE JOURNAL OF APPLIED PHYSICS PART 2 LETTERS},
  volume={39},
  number={1A/B},
  pages={L48--L51},
  year={2000},
  publisher={JAPANESE JOURNAL OF APPLIED PHYSICS}
}

@article{moon2003molecular,
  title={Molecular-dynamics simulation of structural properties of cubic boron nitride},
  author={Moon, Won Ha and Son, Myung Sik and Hwang, Ho Jung},
  journal={Physica B: Condensed Matter},
  volume={336},
  number={3},
  pages={329--334},
  year={2003},
  publisher={Elsevier}
}


@article{albe2002modeling,
  title={Modeling of compound semiconductors: {A}nalytical bond-order potential for {Ga}, {As}, and {GaAs}},
  author={Albe, Karsten and Nordlund, Kai and Nord, Janne and Kuronen, Antti},
  journal={Physical Review B},
  volume={66},
  number={3},
  pages={035205},
  year={2002}
}
@article{matsunaga2001molecular,
  title={Molecular dynamics study of atomic structure and diffusion behavior in amorphous silicon nitride containing boron},
  author={Matsunaga, Katsuyuki and Iwamoto, Yuji},
  journal={Journal of the American Ceramic Society},
  volume={84},
  number={10},
  pages={2213--2219},
  year={2001},
  publisher={Wiley Online Library}
}

@article{nord2003modelling,
  title={Modelling of compound semiconductors: analytical bond-order potential for gallium, nitrogen and gallium nitride},
  author={J. Nord and K. Albe and P. Erhart and K. Nordlund},
  journal={Journal of Physics: Condensed Matter},
  volume={15},
  number={32},
  pages={5649},
  year={2003},
  publisher={IOP Publishing}
}

@article{munetoh2007interatomic,
  title={Interatomic potential for Si--O systems using Tersoff parameterization},
  author={S. Munetoh and T. Motooka and K. Moriguchi and A. Shintani},
  journal={Computational materials science},
  volume={39},
  number={2},
  pages={334--339},
  year={2007},
  publisher={Elsevier}
}
@article{tersoff1994chemical,
  title={Chemical order in amorphous silicon carbide},
  author={J. Tersoff},
  journal={Physical Review B},
  volume={49},
  number={23},
  pages={16349},
  year={1994},
  publisher={APS}
}
@article{nordlund2000strain,
  title={Strain-induced Kirkendall mixing at semiconductor interfaces},
  author={Nordlund, K and Nord, J and Frantz, J and Keinonen, J},
  journal={Computational materials science},
  volume={18},
  number={3},
  pages={283--294},
  year={2000},
  publisher={Elsevier}
}
@article{erhart2005analytical,
  title={Analytical potential for atomistic simulations of silicon, carbon, and silicon carbide},
  author={P. Erhart and K. Albe},
  journal={Physical Review B},
  volume={71},
  number={3},
  pages={035211},
  year={2005}
}
@article{erhart2006analytic,
  title={Analytic bond-order potential for atomistic simulations of zinc oxide},
  author={Erhart, Paul and Juslin, Niklas and Goy, Oliver and Nordlund, Kai and M{\"u}ller, Ralf and Albe, Karsten},
  journal={Journal of Physics: Condensed Matter},
  volume={18},
  number={29},
  pages={6585},
  year={2006},
  publisher={IOP Publishing}
}
@article{muller2007thermodynamics,
  title={Thermodynamics of L1\_ $\{$0$\}$ ordering in {FePt} nanoparticles studied by Monte Carlo simulations based on an analytic bond-order potential},
  author={M. M{\"u}ller and P. Erhart K. and Albe},
  journal={Physical Review B},
  volume={76},
  number={15},
  pages={155412},
  year={2007},
  publisher={APS}
}
@article{muller2007analytic,
  title={Analytic bond-order potential for bcc and fcc ironâ€”comparison with established embedded-atom method potentials},
  author={M. M{\"u}ller and P. Erhart and K. Albe},
  journal={Journal of Physics: Condensed Matter},
  volume={19},
  number={32},
  pages={326220},
  year={2007},
  publisher={IOP Publishing}
}

@Article{matsunaga01,
  author = 	 {K. Matsunaga and Y. Iwamoto},
  title = 	 {Molecular {D}ynamics {S}tudy of {A}tomic {S}tructure and {D}iffusion {B}ehavior in {A}morphus {S}ilicon {N}itride {C}ontaining {B}oron},
  journal = 	 {J. Am. Ceram. Soc.},
  year = 	 {2001},
  OPTkey = 	 {},
  volume = 	 {84},
  number = 	 {10},
  pages = 	 {2213--2219},
  OPTmonth = 	 {},
  OPTnote = 	 {},
  OPTannote = 	 {}
}
@article{hammerschmidt2008analytic,
  title={Analytic many-body potential for InAs/GaAs surfaces and nanostructures: Formation energy of InAs quantum dots},
  author={Hammerschmidt, Thomas and Kratzer, P and Scheffler, M},
  journal={Physical Review B},
  volume={77},
  number={23},
  pages={235303},
  year={2008},
  publisher={APS}
}
@article{kioseoglou2008interatomic,
  title={Interatomic potential calculations of III (Al, In)--N planar defects with a III-species environment approach},
  author={Kioseoglou, J and Komninou, Ph and Karakostas, Th},
  journal={physica status solidi (b)},
  volume={245},
  number={6},
  pages={1118--1124},
  year={2008},
  publisher={Wiley Online Library}
}

@article{okeke2009molecular,
  title={Molecular dynamics of binary metal nitrides and ternary oxynitrides},
  author={Okeke, Onyekwelu U and Lowther, JE},
  journal={Physica B: Condensed Matter},
  volume={404},
  number={20},
  pages={3577--3581},
  year={2009},
  publisher={Elsevier}
}

@article{lindsay2010optimized,
  title={Optimized Tersoff and Brenner empirical potential parameters for lattice dynamics and phonon thermal transport in carbon nanotubes and graphene},
  author={Lindsay, L and Broido, DA},
  journal={Physical Review B},
  volume={81},
  number={20},
  pages={205441},
  year={2010},
  publisher={APS}
}

@article{fichthorn2011analytic,
  title={Analytic many-body potential for GaAs (001) homoepitaxy: Bulk and surface properties},
  author={Fichthorn, Kristen A and Tiwary, Yogesh and Hammerschmidt, Thomas and Kratzer, Peter and Scheffler, Matthias},
  journal={Physical Review B},
  volume={83},
  number={19},
  pages={195328},
  year={2011},
  publisher={APS}
}

@article{juslin2005analytical,
  title={Analytical interatomic potential for modeling nonequilibrium processes in the W--C--H system},
  author={Juslin, N and Erhart, P and Traskelin, P and Nord, J and Henriksson, Krister OE and Nordlund, K and Salonen, E and Albe, K},
  journal={Journal of applied physics},
  volume={98},
  number={12},
  pages={123520--123520},
  year={2005},
  publisher={AIP}
}

@article{0953-8984-21-44-445002,
  author={C Bj\"orkas and N Juslin and H Timko and K V\"ortler and K Nordlund and K Henriksson and P Erhart},
  title={Interatomic potentials for the {Be-C-H} system},
  journal={Journal of Physics: Condensed Matter},
  volume={21},
  number={44},
  pages={445002},
  year={2009}
}

@article{bjorkas2010w,
  title={A Be--W interatomic potential},
  author={Bj{\"o}rkas, C and Henriksson, KOE and Probst, M and Nordlund, K},
  journal={Journal of Physics: Condensed Matter},
  volume={22},
  number={35},
  pages={352206},
  year={2010},
  publisher={IOP Publishing}
}

@article{li2011modified,
  title={Modified analytical interatomic potential for a W--H system with defects},
  author={Li, Xiao-Chun and Shu, Xiaolin and Liu, Yi-Nan and Gao, Fei and Lu, Guang-Hong},
  journal={Journal of Nuclear Materials},
  volume={408},
  number={1},
  pages={12--17},
  year={2011},
  publisher={Elsevier}
}
@article{peng2011bond,
  title={Bond-Order Potential for Erbium-Hydride System},
  author={Peng, SM and Yang, Li and Long, XG and Shen, HH and Sun, Qing-Qiang and Zu, XT and Gao, Fei},
  journal={The Journal of Physical Chemistry C},
  volume={115},
  number={50},
  pages={25097--25104},
  year={2011},
  publisher={ACS Publications}
}
@article{henriksson2009simulations,
  title={Simulations of cementite: An analytical potential for the Fe-C system},
  author={Henriksson, Krister OE and Nordlund, K},
  journal={Physical Review B},
  volume={79},
  number={14},
  pages={144107},
  year={2009},
  publisher={APS}
}
@article{hou2012analytic,
  title={An analytic bond-order potential for the Fe--Cu system},
  author={Hou, Huai Yu and Wang, Rong Shan and Wang, Jing Tao and Liu, Xiang Bing and Chen, Guang and Huang, Ping},
  journal={Modelling and Simulation in Materials Science and Engineering},
  volume={20},
  number={4},
  pages={045016},
  year={2012},
  publisher={IOP Publishing}
}
@article{backman2012bond,
  title={Bond order potential for gold},
  author={Backman, M and Juslin, N and Nordlund, K},
  journal={The European Physical Journal B},
  volume={85},
  number={9},
  pages={1--5},
  year={2012},
  publisher={Springer}
}

@article{albe2002modelingB,
  title={Modeling the metal-semiconductor interaction: Analytical bond-order potential for platinum-carbon},
  author={Albe, Karsten and Nordlund, Kai and Averback, Robert S},
  journal={Physical Review B},
  volume={65},
  number={19},
  pages={195124},
  year={2002},
  publisher={APS}
}
@article{devanathan1998displacement,
  title={Displacement threshold energies in $\beta$-SiC},
  author={Devanathan, R and Diaz de la Rubia, T and Weber, WJ},
  journal={Journal of nuclear materials},
  volume={253},
  number={1},
  pages={47--52},
  year={1998},
  publisher={Elsevier}
}
@book{ziegler1985stopping,
  title={The stopping and range of ions in matter},
  author={Ziegler, James F and Biersack, Jochen P},
  year={1985},
  publisher={Springer}
}

@Article{conrad98,
  author = 	 {D. Conrad and K. Scheerschmidt},
  title = 	 {Empirical bond-order potential for semiconductors},
  journal = 	 {Phys. Rev. B},
  year = 	 {1998},
  OPTkey = 	 {},
  volume = 	 {58},
  number = 	 {8},
  pages = 	 {4538--4542},
  OPTmonth = 	 {},
  OPTnote = 	 {},
  OPTannote = 	 {}
}

@Article{murty95,
  author = 	 {M. V. R. Murty and H. A. Atwater},
  title = 	 {Empirical interaction potential for {Si-H} interactions},
  journal = 	 {Phys. Rev. B},
  year = 	 {1995},
  OPTkey = 	 {},
  volume = 	 {51},
  number = 	 {8},
  pages = 	 {4889--4893},
  OPTmonth = 	 {},
  OPTnote = 	 {},
  OPTannote = 	 {}
}

@Article{brenner90,
  author =	 {D. W. Brenner},
  title =	 {Empirical potential for hydrocarbons for use in
                  simulating the chemical vapor deposition of diamond
                  films},
  journal =	 {Phys. Rev. B},
  year =	 {1990},
  OPTkey =	 {MD, Brenner, molecular dynamics, potential},
  volume =	 {42},
  number =	 {15},
  pages =	 {9458-9471},
  OPTmonth =	 {},
  OPTnote =	 {},
  OPTannote =	 {hier + notizen}
}

@Article{brenner02,
  author = 	 {D. W. Brenner and O. A. Shenderova and J. A. Harrison and S. J. Stuart and B. Ni and S. B. Sinnott},
  title = 	 {A second-generation reactive empirical bond order ({REBO}) potential energy expression for hydrocarbons},
  journal = 	 {J, Phys.: Condens. Matter},
  year = 	 {2002},
  OPTkey = 	 {brenner, molecular dynamics, potential, hydrocarbon},
  OPTvolume = 	 {14},
  OPTnumber = 	 {},
  pages = 	 {783-802},
  OPTmonth = 	 {},
  OPTnote = 	 {},
  OPTannote = 	 {hier}
}

@Article{izumi,
  author = 	 {S. Izumi and Y. Sato and S. Hara and S. Sakai},
  title = 	 {The development of molecular dynamics potential for an {Si-H} system and its application to the translationally activated {CVD} process},
  journal = 	 {Preprint},
  year = 	 {},
  OPTkey = 	 {},
  OPTvolume = 	 {},
  OPTnumber = 	 {},
  OPTpages = 	 {},
  OPTmonth = 	 {},
  OPTnote = 	 {},
  OPTannote = 	 {hier}
}

@Article{stillinger,
  author = 	 {F. H. Stillinger and T. A. Weber},
  title = 	 {Computer simulation of local order in condensed phases of silicon},
  journal = 	 {Phys. Rev. B},
  year = 	 {1985},
  OPTkey = 	 {md, silicon, potential},
  volume = 	 {31},
  number = 	 {8},
  pages = 	 {5262--5271},
  OPTmonth = 	 {},
  OPTnote = 	 {},
  OPTannote = 	 {}
}

@Article{franzblau91,
  author = 	 {D. S. Franzblau},
  title = 	 {Computation of ring statistics for network models of solids},
  journal = 	 {Phys. Rev. B},
  year = 	 {1991},
  OPTkey = 	 {},
  volume = 	 {44},
  number = 	 {10},
  pages = 	 {4925--4930},
  month = 	 sep,
  OPTnote = 	 {},
  OPTannote = 	 {}
}

@Article{king67,
  author = 	 {S. V. King},
  title = 	 { },
  journal = 	 {Nature},
  year = 	 {1967},
  OPTkey = 	 {},
  volume = 	 {213},
  OPTnumber = 	 {},
  pages = 	 {1112},
  OPTmonth = 	 {},
  OPTnote = 	 {},
  OPTannote = 	 {}
}

@book{hockney88,
  author = {Hockney, R. W. and Eastwood, J. W.},
  title = {Computer simulation using particles},
  year = {1988},
  isbn = {0-85274-392-0},
  publisher = {Taylor \& Francis, Inc.},
  address = {Bristol, PA, USA},
}

@InCollection{eastwood76,
  author =	 {J. Eastwood},
  title =	 {Optimal {P3M} Algorithms for Molecular Dynamics Simulations},
  booktitle =	 {Computational Methods in Classical and Quantum Physics},
  OPTcrossref =	 {},
  OPTkey =	 {},
  pages =	 {206--228},
  publisher =	 {Advance Publications Ltd},
  year =	 {1976},
  editor =	 {M. B. Hooper},
  OPTvolume =	 {},
  OPTnumber =	 {},
  OPTseries =	 {},
  OPTtype =	 {},
  OPTchapter =	 {},
  address =	 {London, U.K.},
  OPTedition =	 {},
  OPTmonth =	 {},
  OPTnote =	 {},
  OPTannote =	 {}
}

@article{tosifuminacl,
    author = {Jamshed Anwar and Daan Frenkel and Massimo G. Noro},
    collaboration = {},
    title = {Calculation of the melting point of NaCl by molecular simulation},
    publisher = {AIP},
    year = {2003},
    journal = {The Journal of Chemical Physics},
    volume = {118},
    number = {2},
    pages = {728-735},
    keywords = {sodium compounds; melting point; chemical potential; digital simulation; molecular dynamics method; free energy; solid-liquid transformations},
    url = {http://link.aip.org/link/?JCP/118/728/1},
    doi = {10.1063/1.1522375}
}

@article{nacl_melting,
author = {Yong Zhang and Edward J. Maginn},
collaboration = {},
title = {A comparison of methods for melting point calculation using molecular dynamics simulations},
publisher = {AIP},
year = {2012},
journal = {The Journal of Chemical Physics},
volume = {136},
number = {14},
eid = {144116},
numpages = {12},
pages = {144116},
keywords = {argon; free energy; melting point; molecular dynamics method; organic compounds; voids (solid)},
url = {http://link.aip.org/link/?JCP/136/144116/1},
doi = {10.1063/1.3702587}
}

@article{sutton1990long,
  title={Long-range finnis--sinclair potentials},
  author={Sutton, AP and Chen, J},
  journal={Philosophical Magazine Letters},
  volume={61},
  number={3},
  pages={139--146},
  year={1990},
  publisher={Taylor \& Francis}
}

@article{rafii1991long,
  title={Long-range Finnis-Sinclair potentials for fcc metallic alloys},
  author={Rafii-Tabar, H and Sulton, AP},
  journal={Philosophical Magazine Letters},
  volume={63},
  number={4},
  pages={217--224},
  year={1991},
  publisher={Taylor \& Francis}
}

@article{kimura1998quantum,
  title={The quantum Sutton--Chen many-body potential for properties of fcc metals},
  author={Kimura, Yoshitaka and Qi, Yue and Cagin, Tahir and Goddard, WA},
  journal={Phys. Rev., to be submitted},
  year={1998}
}

@article{ccaugin1999thermal,
  title={Thermal and mechanical properties of some fcc transition metals},
  author={{\c{C}}a{\u{g}}{\i}n, T and Dereli, G and Uludo{\u{g}}an, M and Tomak, M},
  journal={Physical Review B},
  volume={59},
  number={5},
  pages={3468},
  year={1999},
  publisher={APS}
}
@article{belonoshko2000quasi,
  title={Quasi--Ab initio molecular dynamic study of Fe melting},
  author={Belonoshko, Anatoly B and Ahuja, R and Johansson, B{\"o}rje},
  journal={Physical Review Letters},
  volume={84},
  number={16},
  pages={3638},
  year={2000},
  publisher={APS}
}
@article{kazanc2008investigation,
  title={Investigation of the effect of pressure on some physical parameters and thermoelastic phase transformation of {NiAl} alloy},
  author={Kazanc, Sefa and Tatar, Cengiz},
  journal={International Journal of Solids and Structures},
  volume={45},
  number={11},
  pages={3282--3289},
  year={2008},
  publisher={Elsevier}
}

@article{daw1983semiempirical,
  title={Semiempirical, quantum mechanical calculation of hydrogen embrittlement in metals},
  author={Daw, Murray S and Baskes, MI},
  journal={Physical Review Letters},
  volume={50},
  number={17},
  pages={1285--1288},
  year={1983}
}
@article{daw1984embedded,
  title={Embedded-atom method: Derivation and application to impurities, surfaces, and other defects in metals},
  author={Daw, Murray S and Baskes, Mi I},
  journal={Physical Review B},
  volume={29},
  number={12},
  pages={6443},
  year={1984},
  publisher={APS}
}
@article{finnis1984simple,
  title={A simple empirical N-body potential for transition metals},
  author={Finnis, MW and Sinclair, JE},
  journal={Philosophical Magazine A},
  volume={50},
  number={1},
  pages={45--55},
  year={1984},
  publisher={Taylor \& Francis}
}

@article{bonny2009fe,
  title={Fe--Ni many-body potential for metallurgical applications},
  author={Bonny, Giovanni and Pasianot, RC and Malerba, Lorenzo},
  journal={Modelling and Simulation in Materials Science and Engineering},
  volume={17},
  number={2},
  pages={025010},
  year={2009},
  publisher={IOP Publishing}
}
@article{hepburn2008metallic,
  title={Metallic-covalent interatomic potential for carbon in iron},
  author={Hepburn, Derek J and Ackland, Graeme J},
  journal={Physical Review B},
  volume={78},
  number={16},
  pages={165115},
  year={2008},
  publisher={APS}
}

@article{ackland1987simple,
  title={Simple N-body potentials for the noble metals and nickel},
  author={Ackland, GJ and Tichy, G and Vitek, V and Finnis, MW},
  journal={Philosophical Magazine A},
  volume={56},
  number={6},
  pages={735--756},
  year={1987},
  publisher={Taylor \& Francis}
}

@article{ackland1992theoretical,
  title={Theoretical study of titanium surfaces and defects with a new many-body potential},
  author={Ackland, Graeme J},
  journal={Philosophical Magazine A},
  volume={66},
  number={6},
  pages={917--932},
  year={1992},
  publisher={Taylor \& Francis}
}

@article{ackland1997computer,
  title={Computer simulation of point defect properties in dilute Feâ€”Cu alloy using a many-body interatomic potential},
  author={Ackland, GJ and Bacon, DJ and Calder, AF and Harry, T},
  journal={Philosophical Magazine A},
  volume={75},
  number={3},
  pages={713--732},
  year={1997},
  publisher={Taylor \& Francis}
}

@article{ackland2004development,
  title={Development of an interatomic potential for phosphorus impurities in $\alpha$-iron},
  author={Ackland, GJ and Mendelev, MI and Srolovitz, DJ and Han, S and Barashev, AV},
  journal={Journal of Physics: Condensed Matter},
  volume={16},
  number={27},
  pages={S2629},
  year={2004},
  publisher={IOP Publishing}
}

@article{fortini2008asperity,
  title={Asperity contacts at the nanoscale: Comparison of Ru and Au},
  author={Fortini, Andrea and Mendelev, Mikhail I and Buldyrev, Sergey and Srolovitz, David},
  journal={Journal of Applied Physics},
  volume={104},
  number={7},
  pages={074320--074320},
  year={2008},
  publisher={AIP}
}

@article{mendelev2003development,
  title={Development of new interatomic potentials appropriate for crystalline and liquid iron},
  author={Mendelev, MI and Han, S and Srolovitz, DJ and Ackland, GJ and Sun, DY and Asta, M},
  journal={Philosophical magazine},
  volume={83},
  number={35},
  pages={3977--3994},
  year={2003},
  publisher={Taylor \& Francis}
}

@article{Mendelev2005,
  title={Effect of Fe segregation on the migration of a non-symmetric Sigma 5 tilt grain boundary in Al},
journal={J. Mater. Res.},
volume={20},
number={1},
month={January},
year={ 2005},
pages={208-218},
author={M. I. Mendelev and D. J. Srolovitz and G. J. Ackland and S. Han}
}

@article{mendelev2007simulation,
  title={Simulation of the interaction between Fe impurities and point defects in V},
  author={Mendelev, Mikhail I and Han, Seungwu and Son, Won-joon and Ackland, Graeme J and Srolovitz, David J},
  journal={Physical Review B},
  volume={76},
  number={21},
  pages={214105},
  year={2007},
  publisher={APS}
}

@article{mendelev2007using,
  title={Using atomistic computer simulations to analyze x-ray diffraction data from metallic glasses},
  author={Mendelev, MI and Sordelet, DJ and Kramer, MJ},
  journal={Journal of Applied Physics},
  volume={102},
  number={4},
  pages={043501--043501},
  year={2007},
  publisher={AIP}
}

@article{mendelev2008analysis,
  title={Analysis of semi-empirical interatomic potentials appropriate for simulation of crystalline and liquid Al and Cu},
  author={Mendelev, MI and Kramer, MJ and Becker, CA and Asta, M},
  journal={Philosophical Magazine},
  volume={88},
  number={12},
  pages={1723--1750},
  year={2008},
  publisher={Taylor \& Francis}
}

@article{mendelev2009development,
  title={Development of interatomic potentials appropriate for simulation of solid--liquid interface properties in Al--Mg alloys},
  author={Mendelev, MI and Asta, M and Rahman, MJ and Hoyt, JJ},
  journal={Philosophical Magazine},
  volume={89},
  number={34-36},
  pages={3269--3285},
  year={2009},
  publisher={Taylor \& Francis}
}

@article{mendelev2009developmentcuzr,
  title={Development of suitable interatomic potentials for simulation of liquid and amorphous Cu--Zr alloys},
  author={Mendelev, MI and Kramer, MJ and Ott, RT and Sordelet, DJ and Yagodin, D and Popel, P},
  journal={Philosophical Magazine},
  volume={89},
  number={11},
  pages={967--987},
  year={2009},
  publisher={Taylor \& Francis}
}


@article{mendelev2012development,
  title={Development of interatomic potentials appropriate for simulation of liquid and glass properties of NiZr2 alloy},
  author={Mendelev, MI and Kramer, MJ and Hao, SG and Ho, KM and Wang, CZ},
  journal={Philosophical Magazine},
  volume={92},
  number={35},
  pages={4454--4469},
  year={2012},
  publisher={Taylor \& Francis}
}

@article{meyer1995molecular,
  title={Molecular dynamics study of iron-nickel alloys},
  author={Meyer, R and Entel, P},
  journal={Le Journal de Physique IV},
  volume={5},
  number={C2},
  pages={C2--123},
  year={1995},
  publisher={EDP sciences}
}

@article{mishin2001structural,
  title={Structural stability and lattice defects in copper: Ab initio, tight-binding, and embedded-atom calculations},
  author={Mishin, Yu and Mehl, MJ and Papaconstantopoulos, DA and Voter, AF and Kress, JD},
  journal={Physical Review B},
  volume={63},
  number={22},
  pages={224106},
  year={2001},
  publisher={APS}
}

@article{sturgeon2000adjusting,
  title={Adjusting the melting point of a model system via Gibbs-Duhem integration: Application to a model of aluminum},
  author={Sturgeon, Jess B and Laird, Brian B},
  journal={Physical Review B},
  volume={62},
  number={22},
  pages={14720},
  year={2000},
  publisher={APS}
}

@article{sun2006crystal,
  title={Crystal-melt interfacial free energies in hcp metals: A molecular dynamics study of Mg},
  author={Sun, DY and Mendelev, MI and Becker, CA and Kudin, K and Haxhimali, Tomorr and Asta, M and Hoyt, JJ and Karma, A and Srolovitz, DJ},
  journal={Physical Review B},
  volume={73},
  number={2},
  pages={024116},
  year={2006},
  publisher={APS}
}

@article{cai1996simple,
  title={Simple analytical embedded-atom-potential model including a long-range force for fcc metals and their alloys},
  author={Cai, J and Ye, YY},
  journal={Physical Review B},
  volume={54},
  number={12},
  pages={8398},
  year={1996},
  publisher={APS}
}
@article{zhou2001atomic,
  title={Atomic scale structure of sputtered metal multilayers},
  author={Zhou, XW and Wadley, HNG and Johnson, R and Larson, DJ and Tabat, N and Cerezo, A and Petford-Long, AK and Smith, GDW and Clifton, PH and Martens, RL and others},
  journal={Acta materialia},
  volume={49},
  number={19},
  pages={4005--4015},
  year={2001},
  publisher={Elsevier}
}

@article{pasianot1992embedded,
  title={Embedded-atom-method interatomic potentials for hcp metals},
  author={Pasianot, R and Savino, EJ},
  journal={Physical Review B},
  volume={45},
  number={22},
  pages={12704},
  year={1992},
  publisher={APS}
}
@article{vailhe1997shear,
  title={Shear faults and dislocation core structures in B2 CoAI},
  author={Vailh{\'e}, C and Farkas, D},
  journal={Journal of materials research},
  volume={12},
  number={10},
  pages={2559--2570},
  year={1997},
  publisher={Cambridge Univ Press}
}
@inproceedings{voter1986accurate,
  title={Accurate interatomic potentials for Ni, Al and Ni3Al},
  author={Voter, Arthur F and Chen, Shao Ping},
  booktitle={MRS Proceedings},
  volume={82},
  number={1},
  year={1986},
  organization={Cambridge Univ Press}
}

@article{williams2006embedded,
  title={An embedded-atom potential for the Cu--Ag system},
  author={Williams, PL and Mishin, Y and Hamilton, JC},
  journal={Modelling and Simulation in Materials Science and Engineering},
  volume={14},
  number={5},
  pages={817},
  year={2006},
  publisher={IOP Publishing}
}

@article{zhou2004misfit,
  title={Misfit-energy-increasing dislocations in vapor-deposited CoFe/NiFe multilayers},
  author={Zhou, XW and Johnson, RA and Wadley, HNG},
  journal={Physical Review B},
  volume={69},
  number={14},
  pages={144113},
  year={2004},
  publisher={APS}
}

@article{liu1997anisotropic,
  title={Anisotropic surface segregation in Al Mg alloys},
  author={Liu, Xiang-Yang and Ohotnicky, PP and Adams, JB and Rohrer, C Lane and Hyland Jr, RW},
  journal={Surface science},
  volume={373},
  number={2},
  pages={357--370},
  year={1997},
  publisher={Elsevier}
}
@article{winey2009thermodynamic,
  title={A thermodynamic approach to determine accurate potentials for molecular dynamics simulations: thermoelastic response of aluminum},
  author={Winey, JM and Kubota, Alison and Gupta, YM},
  journal={Modelling and Simulation in Materials Science and Engineering},
  volume={17},
  number={5},
  pages={055004},
  year={2009},
  publisher={IOP Publishing}
}
@article{liu2004aluminium,
  title={Aluminium interatomic potential from density functional theory calculations with improved stacking fault energy},
  author={Liu, Xiang-Yang and Ercolessi, Furio and Adams, James B},
  journal={Modelling and Simulation in Materials Science and Engineering},
  volume={12},
  number={4},
  pages={665},
  year={2004},
  publisher={IOP Publishing}
}
@article{zope2003interatomic,
  title={Interatomic potentials for atomistic simulations of the Ti-Al system},
  author={Zope, Rajendra R and Mishin, Yu},
  journal={Physical Review B},
  volume={68},
  number={2},
  pages={024102},
  year={2003},
  publisher={APS}
}
@article{mishin1999interatomic,
  title={Interatomic potentials for monoatomic metals from experimental data and ab initio calculations},
  author={Mishin, Y and Farkas, D and Mehl, MJ and Papaconstantopoulos, DA},
  journal={Physical Review B},
  volume={59},
  number={5},
  pages={3393},
  year={1999},
  publisher={APS}
}
@article{landa2000development,
  title={Development of glue-type potentials for the Al--Pb system: phase diagram calculation},
  author={Landa, A and Wynblatt, P and Siegel, DJ and Adams, JB and Mryasov, ON and Liu, X-Y},
  journal={Acta materialia},
  volume={48},
  number={8},
  pages={1753--1761},
  year={2000},
  publisher={Elsevier}
}
@article{schopf2012embedded,
  title={Embedded atom method potentials for Al-Pd-Mn phases},
  author={Schopf, Daniel and Brommer, Peter and Frigan, Benjamin and Trebin, Hans-Rainer},
  journal={Physical Review B},
  volume={85},
  number={5},
  pages={054201},
  year={2012},
  publisher={APS}
}
@article{purja2009development,
  title={Development of an interatomic potential for the Ni-Al system},
  author={Purja Pun, GP and Mishin, Y},
  journal={Philosophical Magazine},
  volume={89},
  number={34-36},
  pages={3245--3267},
  year={2009},
  publisher={Taylor \& Francis}
}
@article{mishin2004atomistic,
  title={Atomistic modeling of the $\gamma$ and $\gamma$< sup>â€²</sup>-phases of the Ni--Al system},
  author={Mishin, Yuri},
  journal={Acta materialia},
  volume={52},
  number={6},
  pages={1451--1467},
  year={2004},
  publisher={Elsevier}
}
@article{mishin2002embedded,
  title={Embedded-atom potential for B2-NiAl},
  author={Mishin, Y and Mehl, MJ and Papaconstantopoulos, DA},
  journal={Physical Review B},
  volume={65},
  number={22},
  pages={224114},
  year={2002},
  publisher={APS}
}
@article{baskes1997trapping,
  title={Trapping of hydrogen to lattice defects in nickel},
  author={Baskes, MI and Sha, Xianwei and Angelo, JE and Moody, NR},
  journal={Modelling and Simulation in Materials Science and Engineering},
  volume={5},
  number={6},
  pages={651},
  year={1997},
  publisher={IOP Publishing}
}
@article{bonny2009ternary,
  title={Ternary Fe--Cu--Ni many-body potential to model reactor pressure vessel steels: First validation by simulated thermal annealing},
  author={Bonny, Giovanni and Pasianot, Roberto C and Castin, Nicolas and Malerba, Lorenzo},
  journal={Philosophical Magazine},
  volume={89},
  number={34-36},
  pages={3531--3546},
  year={2009},
  publisher={Taylor \& Francis}
}
@article{pun2012embedded,
  title={Embedded-atom potential for hcp and fcc cobalt},
  author={Pun, GP Purja and Mishin, Y},
  journal={Physical Review B},
  volume={86},
  number={13},
  pages={134116},
  year={2012},
  publisher={APS}
}
@article{wu2009cu,
  title={Cu/Ag EAM potential optimized for heteroepitaxial diffusion from ab initio data},
  author={Wu, Henry H and Trinkle, Dallas R},
  journal={Computational Materials Science},
  volume={47},
  number={2},
  pages={577--583},
  year={2009},
  publisher={Elsevier}
}
@article{hoyt2003embedded,
  title={An embedded atom method interatomic potential for the Cu--Pb system},
  author={Hoyt, JJ and Garvin, JW and Webb III, EB and Asta, Mark},
  journal={Modelling and Simulation in Materials Science and Engineering},
  volume={11},
  number={3},
  pages={287},
  year={2003},
  publisher={IOP Publishing}
}
@article{smirnova2012interatomic,
  title={Interatomic potential for uranium in a wide range of pressures and temperatures},
  author={Smirnova, DE and Starikov, SV and Stegailov, VV},
  journal={Journal of Physics: Condensed Matter},
  volume={24},
  number={1},
  pages={015702},
  year={2012},
  publisher={IOP Publishing}
}
@article{smirnova2013ternary,
  title={A ternary EAM interatomic potential for U--Mo alloys with xenon},
  author={Smirnova, DE and Kuksin, A Yu and Starikov, SV and Stegailov, VV and Insepov, Z and Rest, J and Yacout, AM},
  journal={Modelling and Simulation in Materials Science and Engineering},
  volume={21},
  number={3},
  pages={35011--35034},
  year={2013},
  publisher={IOP Publishing}
}
@article{fellinger2010force,
  title={Force-matched embedded-atom method potential for niobium},
  author={Fellinger, Michael R and Park, Hyoungki and Wilkins, John W},
  journal={Physical Review B},
  volume={81},
  number={14},
  pages={144119},
  year={2010},
  publisher={APS}
}
@article{zhou2008embedded,
  title={An embedded-atom method interatomic potential for Pd--H alloys},
  author={Zhou, XW and Zimmerman, JA and Wong, BM and Hoyt, JJ},
  journal={Journal of Materials Research},
  volume={23},
  number={03},
  pages={704--718},
  year={2008},
  publisher={Cambridge Univ Press}
}
@article{li2003embedded,
  title={Embedded-atom-method tantalum potential developed by the force-matching method},
  author={Li, Youhong and Siegel, Donald J and Adams, James B and Liu, Xiang-Yang},
  journal={Physical Review B},
  volume={67},
  number={12},
  pages={125101},
  year={2003},
  publisher={APS}
}
@article{grochola2005fitting,
  title={On fitting a gold embedded atom method potential using the force matching method},
  author={Grochola, Gregory and Russo, Salvy P and Snook, Ian K},
  journal={The Journal of chemical physics},
  volume={123},
  pages={204719},
  year={2005}
}
@article{gastreich2003charged,
  title={Charged-particle potential for boron nitrides, silicon nitrides, and borosilazane ceramics: Derivation of parameters and probing of capabilities},
  author={Gastreich, Marcus and Gale, Julian D and Marian, Christel M},
  journal={Physical Review B},
  volume={68},
  number={9},
  pages={094110},
  year={2003},
  publisher={APS}
}
@article{marian2000systematic,
  title={A systematic theoretical study of molecular Si/N, B/N, and Si/B/N (H) compounds and parameterisation of a force-field for molecules and solids},
  author={Marian, Christel M and Gastreich, Marcus},
  journal={Journal of Molecular Structure: THEOCHEM},
  volume={506},
  number={1},
  pages={107--129},
  year={2000},
  publisher={Elsevier}
}
@book{arnold2011models,
  title={Models, Databases and Simulation Tools Needed for Realization of Integrated Computational Mat. Eng.(ICME 2010)},
  author={Arnold, Steven M and Wong, Terry T},
  year={2011},
  publisher={ASM International}
}
@article{jiang2013molecular,
  title={Molecular dynamics simulations of single-layer molybdenum disulphide (MoS2): Stillinger-Weber parametrization, mechanical properties, and thermal conductivity},
  author={Jiang, Jin-Wu and Park, Harold S and Rabczuk, Timon},
  journal={Journal of Applied Physics},
  volume={114},
  number={6},
  pages={064307},
  year={2013},
  publisher={AIP Publishing}
}
